@inproceedings{ESA,
	title={Computing Semantic Relatedness Using Wikipedia-based Explicit Semantic Analysis.},
	author={Gabrilovich, Evgeniy and Markovitch, Shaul},
	booktitle={IJCAI},
	volume={7},
	pages={1606--1611},
	year={2007}
}

@article{landauer1998introduction,
	title={An introduction to latent semantic analysis},
	author={Landauer, Thomas K and Foltz, Peter W and Laham, Darrell},
	journal={Discourse processes},
	volume={25},
	number={2-3},
	pages={259--284},
	year={1998},
	publisher={Taylor \& Francis}
}

@article{salton1975vector,
	title={A vector space model for automatic indexing},
	author={Salton, Gerard and Wong, Anita and Yang, Chung-Shu},
	journal={Communications of the ACM},
	volume={18},
	number={11},
	pages={613--620},
	year={1975},
	publisher={ACM}
}

@article{gps_precision,
	author = {Zandbergen, Paul A. and Barbeau,Sean J.},
	title = {Positional Accuracy of Assisted GPS Data from High-Sensitivity GPS-enabled Mobile Phones},
	journal = {The Journal of Navigation},
	volume = {64},
	issue = {03},
	month = {7},
	year = {2011},
	issn = {1469-7785},
	pages = {381--399},
	numpages = {19},
	doi = {10.1017/S0373463311000051},
	URL = {http://journals.cambridge.org/article_S0373463311000051}
}

@article {fisher_original,
	author = {FISHER, R. A.},
	title = {THE USE OF MULTIPLE MEASUREMENTS IN TAXONOMIC PROBLEMS},
	journal = {Annals of Eugenics},
	volume = {7},
	number = {2},
	publisher = {Blackwell Publishing Ltd},
	issn = {2050-1439},
	url = {http://dx.doi.org/10.1111/j.1469-1809.1936.tb02137.x},
	doi = {10.1111/j.1469-1809.1936.tb02137.x},
	pages = {179--188},
	year = {1936},
}

@inproceedings{MJW,
  title={Measuring individual regularity in human visiting patterns},
  author={Williams, Matthew J and Whitaker, Roger M and Allen, Stuart M},
  booktitle={Privacy, Security, Risk and Trust (PASSAT), 2012 International Conference on and 2012 International Confernece on Social Computing (SocialCom)},
  pages={117--122},
  year={2012},
  organization={IEEE}
}

%Den der som introducerer kernels analogt til potentialefunktioner. Svaer at finde...
@article{aizerman1964theoretical,
	title={Theoretical foundations of the potential function method in pattern recognition learning},
	author={Aizerman, A and Braverman, Emmanuel M and Rozoner, LI},
	journal={Automation and remote control},
	volume={25},
	pages={821--837},
	year={1964}
}

@incollection{demontjoye2013,
	title={Predicting personality using novel mobile phone-based metrics},
	author={de Montjoye, Yves-Alexandre and Quoidbach, Jordi and Robic, Florent and Pentland, Alex Sandy},
	booktitle={Social Computing, Behavioral-Cultural Modeling and Prediction},
	pages={48--55},
	year={2013},
	publisher={Springer}
}

@article{hearst1998,
	title={Support vector machines},
	author={Hearst, Marti A. and Dumais, Susan T and Osman, Edgar and Platt, John and Scholkopf, Bernhard},
	journal={Intelligent Systems and their Applications, IEEE},
	volume={13},
	number={4},
	pages={18--28},
	year={1998},
	publisher={IEEE}
}

@article{burges1998,
	title={A tutorial on support vector machines for pattern recognition},
	author={Burges, Christopher JC},
	journal={Data mining and knowledge discovery},
	volume={2},
	number={2},
	pages={121--167},
	year={1998},
	publisher={Springer}
}

@inproceedings{cuttone2014inferring,
	title={Inferring human mobility from sparse low accuracy mobile sensing data},
	author={Cuttone, Andrea and Lehmann, Sune and Larsen, Jakob Eg},
	booktitle={Proceedings of the 2014 ACM International Joint Conference on Pervasive and Ubiquitous Computing: Adjunct Publication},
	pages={995--1004},
	year={2014},
	organization={ACM}
}

@article{breiman2001random,
	title={Random forests},
	author={Breiman, Leo},
	journal={Machine learning},
	volume={45},
	number={1},
	pages={5--32},
	year={2001},
	publisher={Springer}
}

@article{guyon2002RFE,
	title={Gene selection for cancer classification using support vector machines},
	author={Guyon, Isabelle and Weston, Jason and Barnhill, Stephen and Vapnik, Vladimir},
	journal={Machine learning},
	volume={46},
	number={1-3},
	pages={389--422},
	year={2002},
	publisher={Springer}
}

@article{Bengio2004,
	author = {Bengio, Yoshua and Grandvalet, Yves},
	title = {No Unbiased Estimator of the Variance of K-Fold Cross-Validation},
	journal = {J. Mach. Learn. Res.},
	issue_date = {12/1/2004},
	volume = {5},
	month = dec,
	year = {2004},
	issn = {1532-4435},
	pages = {1089--1105},
	numpages = {17},
	url = {http://dl.acm.org/citation.cfm?id=1005332.1044695},
	acmid = {1044695},
	publisher = {JMLR.org},
}

@inproceedings{Blum1999,
	author = {Blum, Avrim and Kalai, Adam and Langford, John},
	title = {Beating the Hold-out: Bounds for K-fold and Progressive Cross-validation},
	booktitle = {Proceedings of the Twelfth Annual Conference on Computational Learning Theory},
	series = {COLT '99},
	year = {1999},
	isbn = {1-58113-167-4},
	location = {Santa Cruz, California, USA},
	pages = {203--208},
	numpages = {6},
	url = {http://doi.acm.org/10.1145/307400.307439},
	doi = {10.1145/307400.307439},
	acmid = {307439},
	publisher = {ACM},
	address = {New York, NY, USA},
}

@article{landauer1997solution,
	title={A solution to Plato's problem: The latent semantic analysis theory of acquisition, induction, and representation of knowledge.},
	author={Landauer, Thomas K and Dumais, Susan T},
	journal={Psychological review},
	volume={104},
	number={2},
	pages={211},
	year={1997},
	publisher={American Psychological Association}
}

@inproceedings{nakov2000latent,
	title={Latent semantic analysis of textual data},
	author={Nakov, Preslav},
	booktitle={Proceedings of CompSysTech},
	pages={3--5},
	year={2000},
	organization={Citeseer}
}

@article{gabrilovich2009wikipedia,
	title={Wikipedia-based semantic interpretation for natural language processing},
	author={Gabrilovich, Evgeniy and Markovitch, Shaul},
	journal={Journal of Artificial Intelligence Research},
	pages={443--498},
	year={2009}
}

@book{manning2008introduction,
	title={Introduction to information retrieval},
	author={Manning, Christopher D and Raghavan, Prabhakar and Sch{\"u}tze, Hinrich},
	volume={1},
	year={2008},
	publisher={Cambridge university press Cambridge}
}

@article{salton1988term,
	title={Term-weighting approaches in automatic text retrieval},
	author={Salton, Gerard and Buckley, Christopher},
	journal={Information processing \& management},
	volume={24},
	number={5},
	pages={513--523},
	year={1988},
	publisher={Elsevier}
}